<record><leader>00000cas a22000007a 4500</leader><controlfield tag="001">10497908</controlfield><controlfield tag="008">840308d18291831ctucr ne      0    0eng d</controlfield><datafield ind1=" " ind2=" " tag="010"><subfield code="a">sn 84022637 </subfield></datafield><datafield ind1=" " ind2=" " tag="040"><subfield code="a">NPX</subfield><subfield code="b">eng</subfield><subfield code="c">NPX</subfield><subfield code="d">NPU</subfield><subfield code="d">NPA</subfield><subfield code="d">CNW</subfield><subfield code="d">OCL</subfield><subfield code="d">OCLCQ</subfield><subfield code="d">OCLCG</subfield><subfield code="d">OCLCQ</subfield><subfield code="d">OCLCF</subfield><subfield code="d">OCLCO</subfield></datafield><datafield ind1="1" ind2=" " tag="029"><subfield code="a">AU@</subfield><subfield code="b">000020129099</subfield></datafield><datafield ind1=" " ind2=" " tag="042"><subfield code="a">msc</subfield></datafield><datafield ind1=" " ind2=" " tag="043"><subfield code="a">n-us-ct</subfield></datafield><datafield ind1="0" ind2="4" tag="245"><subfield code="a">The Norwich Republican and Stonington telegraph.</subfield></datafield><datafield ind1="3" ind2="0" tag="246"><subfield code="a">Norwich Republican and telegraph</subfield></datafield><datafield ind1="3" ind2="0" tag="246"><subfield code="a">Norwich Republican</subfield></datafield><datafield ind1="1" ind2="7" tag="246"><subfield code="a">Republican and telegraph</subfield></datafield><datafield ind1=" " ind2=" " tag="260"><subfield code="a">Norwich City, Conn. :</subfield><subfield code="b">Adams &amp; Faulkner</subfield></datafield><datafield ind1=" " ind2=" " tag="300"><subfield code="a">v. :</subfield><subfield code="b">ill. ;</subfield><subfield code="c">56 cm.</subfield></datafield><datafield ind1=" " ind2=" " tag="310"><subfield code="a">Semiweekly,</subfield><subfield code="b">June 19-&lt;Sept. 18, 1830&gt;</subfield></datafield><datafield ind1=" " ind2=" " tag="321"><subfield code="a">Weekly,</subfield><subfield code="b">&lt;June 12, 1830&gt;</subfield></datafield><datafield ind1="1" ind2=" " tag="362"><subfield code="a">Began in 1829; ceased in 1831.</subfield></datafield><datafield ind1=" " ind2=" " tag="500"><subfield code="a">Published as: Norwich Republican and telegraph, &lt;1829&gt;.</subfield></datafield><datafield ind1=" " ind2=" " tag="500"><subfield code="a">Published simultaneously in Norwich, Conn. as: Norwich Republican, &lt;Sept. 25, 1830-Jan. 22, 1831&gt;.</subfield></datafield><datafield ind1=" " ind2=" " tag="500"><subfield code="a">Publishers: Malzar Gardner, 1834-1835; Marcus B. Young, 1835-1838.</subfield></datafield><datafield ind1=" " ind2=" " tag="500"><subfield code="a">Editors: J. Adams, 1829-1831; L. Foster, 1835-1838.</subfield></datafield><datafield ind1=" " ind2=" " tag="500"><subfield code="a">"Whig." Cf. Caulkins, F.M. Hist. of Norwich, Conn., 1874.</subfield></datafield><datafield ind1=" " ind2=" " tag="588"><subfield code="a">Description based on: Vol. 2, no. 63 (Dec. 9, 1829).</subfield></datafield><datafield ind1=" " ind2="0" tag="651"><subfield code="a">Norwich (Conn.)</subfield><subfield code="v">Newspapers.</subfield></datafield><datafield ind1=" " ind2="7" tag="655"><subfield code="a">Newspapers.</subfield><subfield code="2">fast</subfield><subfield code="0">(OCoLC)fst01423814</subfield></datafield><datafield ind1=" " ind2="7" tag="651"><subfield code="a">Connecticut</subfield><subfield code="z">Norwich.</subfield><subfield code="2">fast</subfield><subfield code="0">(OCoLC)fst01216259</subfield></datafield><datafield ind1="1" ind2=" " tag="700"><subfield code="a">Adams, John Turvill,</subfield><subfield code="d">1805-1882.</subfield></datafield><datafield ind1="1" ind2=" " tag="700"><subfield code="a">Foster, Lafayette S.</subfield><subfield code="q">(Lafayette Sabin),</subfield><subfield code="d">1806-1880.</subfield></datafield><datafield ind1=" " ind2=" " tag="752"><subfield code="a">United States</subfield><subfield code="b">Connecticut</subfield><subfield code="c">New London</subfield><subfield code="d">Norwich.</subfield></datafield><datafield ind1="0" ind2="4" tag="780"><subfield code="t">Stonington telegraph</subfield><subfield code="w">(DLC)sn 82016260</subfield><subfield code="w">(OCoLC)9266358</subfield></datafield><datafield ind1="0" ind2="4" tag="780"><subfield code="t">Norwich Republican (Norwich, Conn. : 1828)</subfield><subfield code="w">(DLC)sn 93053791</subfield></datafield><datafield ind1="0" ind2="0" tag="785"><subfield code="t">Norwich Republican (Norwich, Conn. : 1831)</subfield><subfield code="w">(DLC)sn 87080636</subfield><subfield code="w">(OCoLC)15560762</subfield></datafield></record>